@article{Lukins2,
 author = {Lukins, Stacy K. and Kraft, Nicholas A. and Etzkorn, Letha H.},
 title = {Bug Localization Using Latent Dirichlet Allocation},
 journal = {Inf. Softw. Technol.},

 volume = {52},
 number = {9},
 month = sep,
 year = {2010},
 pages = {972--990},
} 
@INPROCEEDINGS{Maletic,
	author={J. I. Maletic and A. Marcus},
	booktitle={Proce. ICSE},
	title={Supporting {P}rogram {C}omprehension {U}sing {S}emantic and {S}tructural {I}nformation},
	year={2001},

	pages={103-112},
}
@INPROCEEDINGS{Kontostathis,
	author={A. Kontostathis},
	booktitle={Proce. HICSS},
	title={Essential {D}imensions of {L}atent {S}emantic {I}ndexing ({LSI})},
	year={2007},

	pages={73-73},

}
@INPROCEEDINGS{Nguyen,
	author={A. T. Nguyen and T. T. Nguyen and J. Al-Kofahi and H. V. Nguyen and T. N. Nguyen},
	booktitle={Proc. ASE},
	title={A {T}opic-based {A}pproach for {N}arrowing the {S}earch {S}pace of {B}uggy {F}iles from a {B}ug {R}eport},
	year={2011},
	pages={263-272},
	
}
@INPROCEEDINGS{MarcusMaletic,
	author={A. Marcus and J. I. Maletic},
	booktitle={Proc. ASE},
	title={Identification of {H}igh-level {C}oncept {C}lones in {S}ource {C}ode},
	year={2001},

	pages={107-114},

	
}
@inproceedings{MarcusLSI,
	author = {Marcus, A. and Maletic, J. I.},
	title = {Recovering {D}ocumentation-to-{S}ource-{C}ode {T}raceability {L}inks {U}sing {L}atent {S}emantic {I}ndexing},
	booktitle = {Proc. ICSE},
	year={2003},
	

	
	pages = {125--135},

}
@article{Abreu,
	author = {Abreu, R. and Zoeteweij, P. and Golsteijn, R. and van Gemund, A. J. C.},
	title = {A {P}ractical {E}valuation of {S}pectrum-based {F}ault {L}ocalization},
	journal = {J. Syst. Softw.},
	issue_date = {November, 2009},
	volume = {82},
	number = {11},
	month = nov,
	year = {2009},
	pages = {1780--1792},
}  
@inproceedings{Jones,
	author = {Jones, J. A. and Harrold, M. J.},
	title = {Empirical {E}valuation of the {T}arantula {A}utomatic {F}ault-localization {T}echnique},
	booktitle = {Proc. ASE},
	
	year = {2005},

	pages = {273--282},
} 
@INPROCEEDINGS{Lucia,
	author={Lucia and D. Lo and L. Jiang and A. Budi},
	booktitle={Proc. ICSM},
	title={{C}omprehensive {E}valuation of {A}ssociation measures for {F}ault {L}ocalization},
	year={2010},
	pages={1-10},
}
@inproceedings{SahaFault,
	author = {Saha, D. and Nanda, M. G. and Dhoolia, P. and Nandivada, V. K. and Sinha, V. and Chandra, S.},
	title = {{F}ault {L}ocalization for {D}ata-centric {P}rograms},
	booktitle = {Proc. ESCE/FSE},

	year = {2011},
	pages = {157--167},
} 
@inproceedings{Kupiec,
 author = {Kupiec, J. and Pedersen, J. and Chen, F.},
 title = {A {T}rainable {D}ocument {S}ummarizer},
 booktitle = {Proceedings of the 18th Annual International ACM SIGIR Conference on Research and Development in Information Retrieval},
 year = {1995},
 pages = {68--73},
} 
@inproceedings{Feldman,
	author = {Feldman, A. and van Gemund, A.},
	title = {A {T}wo-step {H}ierarchical {A}lgorithm for {M}odel-based {D}iagnosis},
	booktitle = {Proc. AAAI},

	year = {2006},
	pages = {827--833},

}
@article{Mayer,
	author = {Mayer, W. and Stumptner, M.},
	title = {Model-Based {D}ebugging -- {S}tate of the {A}rt {A}nd {F}uture {C}hallenges},
	journal = {Electron. Notes Theor. Comput. Sci.},
	year = {2007},
	volume = {174},
	number = {4},
	pages = {61--82},
}
@inproceedings{Zhang:2005,
	author = {Zhang, X. and He, H. and Gupta, N. and Gupta, R.},
	title = {Experimental {E}valuation of {U}sing {D}ynamic {S}lices for {F}ault {L}ocation},
	booktitle = {Proc. AADEBUG},

	year = {2005},
	pages = {33--42},

}  
@article{Zeller:2002,
	author = {Zeller, A. and Hildebrandt, R.},
	title = {Simplifying and {I}solating {F}ailure-{I}nducing {I}nput},
	journal = {IEEE Trans. Softw. Eng.},
	year = {2002},
	volume = {28},
	number = {2},
	pages = {183--200},
}
@article{FindBug,
	author = {Hovemeyer, D. and Pugh, W.},
	title = {Finding {B}ugs is {E}asy},
	journal = {SIGPLAN Not.},
	year = {2004},
	volume = {39},
	number = {12},


	pages = {92--106},

} 

@article{LSIindexing,
	author = {Deerwester, S. and Dumais, S. T. and Furnas, G. W. and Landauer, T. K. and Harshman, R.},
	title = {Indexing by {L}atent {S}emantic {A}nalysis},
	journal = {Journal of the American Society for Information Science},
	volume = {41},
	number = {6},
	pages = {391-407},

	year = {1990}
}


@INPROCEEDINGS{Thung,
	author={F. Thung and Lucia and D. Lo and L. Jiang and F. Rahman and P. T. Devanbu},
	booktitle={Proc. ICSME},
	title={To what extent could we detect field defects? an empirical study of false negatives in static bug finding tools},
	year={2012},
	pages={50-59},
}

@article{LukinsBL,
	author = {Lukins, S. K. and Kraft, N. A. and Etzkorn, L. H.},
	title = {Bug {L}ocalization {U}sing {L}atent {D}irichlet {A}llocation},
	journal = {Inf. Softw. Technol.},
	year = {2010},
	volume = {52},
	number = {9},

	pages = {972--990},


} 


@article{Salton,
	author = {Salton, G. and Buckley, C.},
	title = {Term-weighting {A}pproaches in {A}utomatic {T}ext {R}etrieval},
	journal = {Inf. Process. Manage.},
	year = {1988},
	volume = {24},
	number = {5},
	pages = {513--523},
	
}  
@article{Robertson,
	author = {Robertson, S. E. and Walker, S. and Beaulieu, M.},
	title = {Experimentation {A}s a {W}ay of {L}ife: {O}kapi at {T}REC},
	journal = {Inf. Process. Manage.},
	year = {2000},
	volume = {36},
	number = {1},
	pages = {95--108},

} 
@inproceedings{Ponte,
	author = {Ponte, J. M. and Croft, W. B.},
	title = {A {L}anguage {M}odeling {A}pproach to {I}nformation {R}etrieval},
	booktitle = {Proc. SIGIR},
	year = {98},
	pages = {275--281},
} 
@inproceedings{Fang,
	author = {Fang, H. and Tao, T. and Zhai, C.},
	title = {A {F}ormal {S}tudy of {I}nformation {R}etrieval {H}euristics},
	booktitle = {Proc. SIGIR},
	year = {2004},
	pages = {49--56},

}
@inproceedings{Rao,
	author = {Rao, S. and Kak, A.},
	title = {Retrieval from {S}oftware {L}ibraries for {B}ug {L}ocalization: {A} {C}omparative {S}tudy of {G}eneric and {C}omposite {T}ext {M}odels},
	booktitle = {Proc. MSR},
	year = {2011},
	pages = {43--52},
} 
@article{Hofmann,
	author = {Hofmann, Thomas},
	title = {Probabilistic {L}atent {S}emantic {I}ndexing},
	journal = {SIGIR Forum},
	year = {2017},
	volume = {51},
	number = {2},
	pages = {211--218},
} 
@article{BleiLDA,
	author = {Blei, D. M. and Ng, A. Y. and Jordan, M. I.},
	title = {Latent {D}irichlet {A}llocation},
	journal = {J. Mach. Learn. Res.},
	year = {2003},
	volume = {3},
	pages = {993--1022},
} 



@INPROCEEDINGS{Jian,
author={Zhou, J. and Zhang,H. and Lo, D.},
booktitle={Proc. ICSE},
title={{W}here {S}hould the {B}ugs be {F}ixed? {M}ore {A}ccurate {I}nformation {R}etrieval-{B}ased {B}ug {L}ocalization {B}ased on {B}ug {R}eports},
year={2012},
pages={14-24},

}

@INPROCEEDINGS{Anh,
author={Nguyen, A.T. and Nguyen, T.T.. and Al-Kofahi, J. and Nguyen, H.V. and Nguyen, T.N.},
booktitle={Proc. ASE},
title={{A} {T}opic-{B}ased {A}pproach for {N}arrowing the {S}earch {S}pace of {B}uggy {F}iles from a {B}ug {R}eport},
year={2011},
pages={263-272},
month={Nov},
}

@INPROCEEDINGS{Saha,
author={Saha, R.K. and Lease, M. and Khurshid, S. and Perry, D.E.},
booktitle={Proc. ASE},
title={{I}mproving {B}ug {L}ocalization using {S}tructured {I}nformation {R}etrieval},
year={2013},
pages={345-355},
month={Nov},
}

@INPROCEEDINGS{Moreno,
author={Moreno, L. and Treadway, J.J. and Marcus, A. and Wuwei Shen},
booktitle={Proc. ICSME},
title={{O}n the {U}se of {S}tack {T}races to {I}mprove {T}ext {R}etrieval-{B}ased {B}ug {L}ocalization},
year={2014},
pages={151-160},

}

@INPROCEEDINGS{Lukins,
author={Lukins, S.K. and Kraft, N.A. and Etzkorn, L.H.},
booktitle={Proc. WCRE},
title={{S}ource {C}ode {R}etrieval for {B}ug {L}ocalization {U}sing {L}atent {D}irichlet {A}llocation},
year={2008},
pages={155-164},

}

@inproceedings{Wang,
 author = {Wang, S. and Lo, D.},
 title = {Version {H}istory, {S}imilar {R}eport, and {S}tructure: {P}utting {T}hem {T}ogether for {I}mproved {B}ug {L}ocalization},
 booktitle = {Proc. ICPC},
 
 year = {2014},

 pages = {53--63},

} 

@INPROCEEDINGS{Chu,
author={Wong, C. and  Xiong, Y. and  Zhang, H. and Hao, D. and Zhang. Lu and  Mei, H.},
booktitle={Proc. ICSME},
title={{B}oosting {B}ug-{R}eport-{O}riented {F}ault {L}ocalization with {S}egmentation and {S}tack-{T}race {A}nalysis},
year={2014},
pages={181-190},

}

@INPROCEEDINGS{Saha2,
author={Saha, R.K. and Lawall, J. and Khurshid, S. and Perry, D.E.},
booktitle={Proc. ICSME},
title={On the {E}ffectiveness of {I}nformation {R}etrieval {B}ased {B}ug {L}ocalization for {C} {P}rograms},
year={2014},
pages={161-170},
month={Sept},
}

@INPROCEEDINGS{Chatterji,
author={Chatterji, D. and Carver, J.C. and Massengil, B. and Oslin, J. and Kraft, N.A.},
booktitle={Proc. ESEM},
title={Measuring the {E}fficacy of {C}ode {C}lone {I}nformation in a {B}ug {L}ocalization {T}ask: {A}n {E}mpirical {S}tudy},
year={2011},
pages={20-29},

}

@INPROCEEDINGS{Beard,
author={Beard, M.},
booktitle={Proc. WCRE},
title={Extending Bug Localization Using Information Retrieval and Code Clone Location Techniques},
year={2011},
pages={425-428},

}

@INPROCEEDINGS{Shaowei,
author={Shaowei, W. and Lo, D. and Lawall, J.},
booktitle={Proc. ICSME},
title={Compositional {V}ector {S}pace {M}odels for {I}mproved {B}ug {L}ocalization},
year={2014},
pages={171-180},

}

@INPROCEEDINGS{Sisman,
author={Sisman, B. and Kak, A.C.},
booktitle={Proc. MSR},
title={Assisting {C}ode {S}earch with z{A}utomatic {Q}uery {R}eformulation for {B}ug {L}ocalization},
year={2013},
pages={309-318},

}

@article{Lott,
  title={Survey of {K}eyword {E}xtraction {T}echniques},
  author={Lott, B.},
  journal={UNM Education},
  year={2012}
}

@misc{stopwordlist,
title = {Stop {W}ords {L}ist},
author = {},
note = {\url{https://code.google.com/p/stop-words/}},
year = {},
}

@article{Tang,
  title={A {S}urvey on {S}entiment {D}etection of {R}eviews},
  author={Tang, H. and Tan, S. and Cheng, X.},
  journal={Expert Systems with Applications},
  volume={36},
  number={7},
  year={2009},
 
}

@inproceedings{Beineke,
  title={Exploring {S}entiment {S}ummarization},
  author={Beineke, P. and Hastie, T. and Manning, C. and Vaithyanathan, S.},
  booktitle={Proc. AAAI tech report SS-04-07},
  year={2004}
}

@ARTICLE{Hahn,
author={Hahn, U. and Mani, I.},
journal={Computer},
title={The {C}hallenges of {A}utomatic {S}ummarization},
year={2000},
volume={33},
pages={29-36},
}

@misc{trac,
title = {Trac},
author = {},
note = {\url{http://trac.edgewall.org/}},
year = {},
}

@misc{jfreechart,
title = {JFreeChart},
author = {},
note = {\url{http://www.jfree.org/jfreechart/}},
year = {},
}

@misc{bugloghq,
title = {Bug{L}go{HQ}},
author = {},
note = {\url{http://www.bugloghq.com/}},
year = {},
}

@misc{mannwhitneyutest,
title = {Mann-{W}hitney {U}-{T}est},
author = {},
note = {\url{http://www.socscistatistics.com/tests/mannwhitney/}},
year = {},
}

@misc{userstudywebsite,
title = {An {U}ser {S}tudy on {B}ug {R}port {S}ummarization},
author = {},
note = {\url{http://homepage.usask.ca/~shy942/}},
year = {},
}

@inproceedings{Darling,
          number = {},
          author = {Darling, W. M.},
            title = {A {T}heoretical and {P}ractical {I}mplementation
{T}utorial on {T}opic {M}odeling and {G}ibbs {S}ampling},
 booktitle={Proceedings of the 49th Annual Meeting of the Association for Computational Linguistics: Human Language Technologies},
           pages={642--647},
  	year={2011}
}
@INPROCEEDINGS{SHaiduc,
	author={S. Haiduc and G. Bavota and R. Oliveto and A. Marcus and A. De Lucia},
	booktitle={Proc. ICSE},
	title={Evaluating the {S}pecificity of {T}ext {R}etrieval {Q}ueries to {S}upport {S}oftware {E}ngineering {T}asks},
	year={2012},

	pages={1273-1276},

}
@book{SaltonMIR,
	author = {Salton, G. and McGill, M. J.},
	title = {Introduction to {M}odern {I}nformation {R}etrieval},
	year = {1986},
	
	publisher = {McGraw-Hill, Inc.},

}
@article{Blei,
 author = {Blei, D. M.},
 title = {Probabilistic {T}opic {M}odels},
 journal = {Communications of the ACM},
 volume = {55},
 year = {2012},
 pages = {77--84},
} 

@misc{491925,
title = {Mozilla Bug 491925},
author = {},
note = {\url{https://bugzilla.mozilla.org/show_bug.cgi?id=491925}},
year = {},
}

@ARTICLE{boehm, 
author={Boehm, B. and Basili, V. R.}, 
journal={Computer}, 
title={Top 10 {L}ist [{S}oftware {D}evelopment]}, 
year={2001},  
volume={34},  
pages={135 -137},
}
@inproceedings{Bachmann,
	author = {Bachmann, A. and Bernstein, A.},
	title = {Software {P}rocess {D}ata {Q}uality and {C}haracteristics: {A} {H}istorical {V}iew on {O}pen and {C}losed {S}ource {P}rojects},
	booktitle = {Proc. IWPSE},
	series = {IWPSE-Evol '09},
	pages = {119--128},

} 
@article{Wang2,
	title={AmaLgam+: Composing {R}ich {I}nformation {S}ources for {A}ccurate {B}ug {L}ocalization},
	author={Shaowei Wang and David Lo},
	journal={Journal of Software: Evolution and Process},
	year={2016},
	volume={28},
	pages={921-942}
}
@ inproceedings{D'Ambros,
author={D'Ambros, M. and Lanza, M.},
booktitle={Proc. CSMR},
title={Software {B}ugs and {E}volution: {A} {V}isual {A}pproach to {U}ncover {T}heir {R}elationship},
year={2006},
pages={10 pp.-238},
}

@article{blei2003latent,
  title={Latent {D}irichlet {A}llocation},
  author={Blei, D. M. and Ng, A. Y. and Jordan, M. I.},
  journal={The Journal of Machine Learning Research},
  volume={3},
  pages={993--1022},
  year={2003},
}

@INPROCEEDINGS{fse2018masud, 
	author={Rahman, M. M. and Roy, C. K.}, 
	booktitle={Proc. ESEC/FSE}, 
	title={Improving IR-Based Bug Localization with Context-Aware Query Reformulation}, 
	year={2018}, 
	pages={12} 
}
@inproceedings{parninireval,
	author = {Wang, Q. and Parnin, C. and Orso, A.},
	title = {Evaluating the Usefulness of IR-based Fault Localization Techniques},
	booktitle = {Proc. ISSTA},
	year = {2015},
	pages = {1--11}
} 

@INPROCEEDINGS{irmarcus,
	author={Marcus, A. and Sergeyev, A. and Rajlich, V. and Maletic, J.I.},
	booktitle={Proc. WCRE},
	title={An {I}nformation {R}etrieval {A}pproach to {C}oncept {L}ocation in {S}ource {C}ode},
	year={2004},
	pages={214-223},
}

@article{vector-space-model,
	author = {Salton, G. and Wong, A. and Yang, C. S.},
	title = {A Vector Space Model for Automatic Indexing},
	journal = {Commun. ACM},
	volume = {18},
	number = {11},
	year = {1975},
	pages = {613--620}
} 

@inproceedings{bugid,
	author = {Bachmann, A. and Bernstein, A.},
	title = {Software Process Data Quality and Characteristics: A Historical View on Open and Closed Source Projects},
	booktitle = {Proc. IWPSE},
	year = {2009},
	pages = {119--128}
} 

@book{bipartite,
	author = {Asratian, A. S. and Denley, T. M. J. and H\"{a}ggkvist, R.},
	title = {Bipartite Graphs and Their Applications},
	year = {1998},
	publisher = {Cambridge University Press},
	address = {New York, NY, USA},
} 










 


