@article{Lukins2,
 author = {Lukins, Stacy K. and Kraft, Nicholas A. and Etzkorn, Letha H.},
 title = {Bug Localization Using Latent Dirichlet Allocation},
 journal = {Inf. Softw. Technol.},
 issue_date = {September, 2010},
 volume = {52},
 number = {9},
 month = sep,
 year = {2010},
 pages = {972--990},
} 



@inproceedings{Kupiec,
 author = {Kupiec, J. and Pedersen, J. and Chen, F.},
 title = {A {T}rainable {D}ocument {S}ummarizer},
 booktitle = {Proceedings of the 18th Annual International ACM SIGIR Conference on Research and Development in Information Retrieval},
 year = {1995},
 pages = {68--73},
} 

@INPROCEEDINGS{Jian,
author={Jian Zhou and Hongyu Zhang and Lo, D.},
booktitle={Software Engineering (ICSE), 2012 34th International Conference on},
title={{W}here {S}hould the {B}ugs be {F}ixed? {M}ore {A}ccurate {I}nformation {R}etrieval-{B}ased {B}ug {L}ocalization {B}ased on {B}ug {R}eports},
year={2012},
pages={14-24},
month={June},
}

@INPROCEEDINGS{Anh,
author={Anh Tuan Nguyen and Tung Thanh Nguyen and Al-Kofahi, J. and Hung Viet Nguyen and Nguyen, T.N.},
booktitle={Automated Software Engineering (ASE), 2011 26th IEEE/ACM International Conference on},
title={{A} {T}opic-{B}ased {A}pproach for {N}arrowing the {S}earch {S}pace of {B}uggy {F}iles from a {B}ug {R}eport},
year={2011},
pages={263-272},
month={Nov},
}

@INPROCEEDINGS{Saha,
author={Saha, R.K. and Lease, M. and Khurshid, S. and Perry, D.E.},
booktitle={Automated Software Engineering (ASE), 2013 IEEE/ACM 28th International Conference on},
title={{I}mproving {B}ug {L}ocalization using {S}tructured {I}nformation {R}etrieval},
year={2013},
pages={345-355},
month={Nov},
}

@INPROCEEDINGS{Moreno,
author={Moreno, L. and Treadway, J.J. and Marcus, A. and Wuwei Shen},
booktitle={Software Maintenance and Evolution (ICSME), 2014 IEEE International Conference on},
title={{O}n the {U}se of {S}tack {T}races to {I}mprove {T}ext {R}etrieval-{B}ased {B}ug {L}ocalization},
year={2014},
pages={151-160},
month={Sept},
}

@INPROCEEDINGS{Lukins,
author={Lukins, S.K. and Kraft, N.A. and Etzkorn, L.H.},
booktitle={Reverse Engineering, 2008. WCRE '08. 15th Working Conference on},
title={{S}ource {C}ode {R}etrieval for {B}ug {L}ocalization {U}sing {L}atent {D}irichlet {A}llocation},
year={2008},
pages={155-164},
month={Oct},
}

@inproceedings{Wang,
 author = {Wang, Shaowei and Lo, David},
 title = {Version {H}istory, {S}imilar {R}eport, and {S}tructure: {P}utting {T}hem {T}ogether for {I}mproved {B}ug {L}ocalization},
 booktitle = {Proceedings of the 22Nd International Conference on Program Comprehension},
 series = {ICPC 2014},
 year = {2014},
 location = {Hyderabad, India},
 pages = {53--63},
 numpages = {11},
} 

@INPROCEEDINGS{Chu,
author={Chu-Pan Wong and Yingfei Xiong and HongYu Zhang and Dan Hao and Lu Zhang and Hong Mei},
booktitle={Software Maintenance and Evolution (ICSME), 2014 IEEE International Conference on},
title={{B}oosting {B}ug-{R}eport-{O}riented {F}ault {L}ocalization with {S}egmentation and {S}tack-{T}race {A}nalysis},
year={2014},
pages={181-190},
month={Sept},
}

@INPROCEEDINGS{Saha2,
author={Saha, R.K. and Lawall, J. and Khurshid, S. and Perry, D.E.},
booktitle={Software Maintenance and Evolution (ICSME), 2014 IEEE International Conference on},
title={On the {E}ffectiveness of {I}nformation {R}etrieval {B}ased {B}ug {L}ocalization for {C} {P}rograms},
year={2014},
pages={161-170},
month={Sept},
}

@INPROCEEDINGS{Chatterji,
author={Chatterji, D. and Carver, J.C. and Massengil, B. and Oslin, J. and Kraft, N.A.},
booktitle={Empirical Software Engineering and Measurement (ESEM), 2011 International Symposium on},
title={Measuring the {E}fficacy of {C}ode {C}lone {I}nformation in a {B}ug {L}ocalization {T}ask: {A}n {E}mpirical {S}tudy},
year={2011},
pages={20-29},
month={Sept},
}

@INPROCEEDINGS{Beard,
author={Beard, M.},
booktitle={Reverse Engineering (WCRE), 2011 18th Working Conference on},
title={Extending Bug Localization Using Information Retrieval and Code Clone Location Techniques},
year={2011},
pages={425-428},
month={Oct},
}

@INPROCEEDINGS{Shaowei,
author={Shaowei Wang and Lo, D. and Lawall, J.},
booktitle={Software Maintenance and Evolution (ICSME), 2014 IEEE International Conference on},
title={Compositional {V}ector {S}pace {M}odels for {I}mproved {B}ug {L}ocalization},
year={2014},
pages={171-180},
month={Sept},
}

@INPROCEEDINGS{Sisman,
author={Sisman, B. and Kak, A.C.},
booktitle={Mining Software Repositories (MSR), 2013 10th IEEE Working Conference on},
title={Assisting {C}ode {S}earch with z{A}utomatic {Q}uery {R}eformulation for {B}ug {L}ocalization},
year={2013},
pages={309-318},
month={May},
}

@article{Lott,
  title={Survey of {K}eyword {E}xtraction {T}echniques},
  author={Lott, B.},
  journal={UNM Education},
  year={2012}
}

@misc{stopwordlist,
title = {Stop {W}ords {L}ist},
author = {},
note = {\url{https://code.google.com/p/stop-words/}},
year = {},
}

@article{Tang,
  title={A {S}urvey on {S}entiment {D}etection of {R}eviews},
  author={Tang, H. and Tan, S. and Cheng, X.},
  journal={Expert Systems with Applications},
  volume={36},
  number={7},
  year={2009},
 
}

@inproceedings{Beineke,
  title={Exploring {S}entiment {S}ummarization},
  author={Beineke, P. and Hastie, T. and Manning, C. and Vaithyanathan, S.},
  booktitle={Proc. AAAI tech report SS-04-07},
  year={2004}
}

@ARTICLE{Hahn,
author={Hahn, U. and Mani, I.},
journal={Computer},
title={The {C}hallenges of {A}utomatic {S}ummarization},
year={2000},
volume={33},
pages={29-36},
}

@misc{trac,
title = {Trac},
author = {},
note = {\url{http://trac.edgewall.org/}},
year = {},
}

@misc{jfreechart,
title = {JFreeChart},
author = {},
note = {\url{http://www.jfree.org/jfreechart/}},
year = {},
}

@misc{bugloghq,
title = {Bug{L}go{HQ}},
author = {},
note = {\url{http://www.bugloghq.com/}},
year = {},
}

@misc{mannwhitneyutest,
title = {Mann-{W}hitney {U}-{T}est},
author = {},
note = {\url{http://www.socscistatistics.com/tests/mannwhitney/}},
year = {},
}

@misc{userstudywebsite,
title = {An {U}ser {S}tudy on {B}ug {R}port {S}ummarization},
author = {},
note = {\url{http://homepage.usask.ca/~shy942/}},
year = {},
}

@inproceedings{Darling,
          number = {},
          author = {Darling, W. M.},
            title = {A {T}heoretical and {P}ractical {I}mplementation
{T}utorial on {T}opic {M}odeling and {G}ibbs {S}ampling},
 booktitle={Proceedings of the 49th Annual Meeting of the Association for Computational Linguistics: Human Language Technologies},
           pages={642--647},
  	year={2011}
}

@article{Blei,
 author = {Blei, D. M.},
 title = {Probabilistic {T}opic {M}odels},
 journal = {Communications of the ACM},
 volume = {55},
 year = {2012},
 pages = {77--84},
} 

@misc{491925,
title = {Mozilla Bug 491925},
author = {},
note = {\url{https://bugzilla.mozilla.org/show_bug.cgi?id=491925}},
year = {},
}

@ARTICLE{boehm, 
author={Boehm, B. and Basili, V. R.}, 
journal={Computer}, 
title={Top 10 {L}ist [{S}oftware {D}evelopment]}, 
year={2001},  
volume={34},  
pages={135 -137},
}

@ inproceedings{D'Ambros,
author={D'Ambros, M. and Lanza, M.},
booktitle={Proc. CSMR},
title={Software {B}ugs and {E}volution: {A} {V}isual {A}pproach to {U}ncover {T}heir {R}elationship},
year={2006},
pages={10 pp.-238},
}

@article{blei2003latent,
  title={Latent {D}irichlet {A}llocation},
  author={Blei, D. M. and Ng, A. Y. and Jordan, M. I.},
  journal={The Journal of Machine Learning Research},
  volume={3},
  pages={993--1022},
  year={2003},
}









 


